----  Solvers  ----

@article{beck2009FISTA,
  title={A fast iterative shrinkage-thresholding algorithm for linear inverse problems},
  author={Beck, Amir and Teboulle, Marc},
  journal={SIAM Journal on Imaging Sciences},
  year={2009},
}

@article{combettes2007DR,
  title={A Douglas--Rachford splitting approach to nonsmooth convex variational signal recovery},
  author={Combettes, Patrick L and Pesquet, Jean-Christophe},
  journal={Selected Topics in Signal Processing, IEEE Journal of},
  year={2007},
}

@article{raguet2013generalizedFB,
  title={A generalized forward-backward splitting},
  author={Raguet, Hugo and Fadili, Jalal and Peyr√©, Gabriel},
  journal={SIAM Journal on Imaging Sciences},
  year={2013},
  eprint = {1108.4404},
  eprinttype = {arxiv},
}

@article{komodakis2015primaldual,
  title = {Playing with Duality},
  author = {Komodakis, Nikos and Pesquet, Jean-Christophe},
  journal = {IEEE Signal Processing Magazine},
  year = {2015},
  eprint = {1406.5429},
  eprinttype = {arxiv},
}

----  Functions  ----

@article{beck2009fastTV,
  title={Fast gradient-based algorithms for constrained total variation image denoising and deblurring problems},
  author={Beck, Amir and Teboulle, Marc},
  journal={Image Processing, IEEE Transactions on},
  year={2009},
  publisher={IEEE}
}

@incollection{combettes:2011iq,
  title = {Proximal Splitting Methods in Signal Processing},
  author = {Combettes, Patrick L and Pesquet, Jean-Christophe},
  booktitle = {Fixed-Point Algorithms for Inverse Problems in Science and Engineering},
  year = {2011},
  eprint = {0912.3522},
  eprinttype = {arxiv},
}

----  Tutorials  ----

@article{candes2007CSperfect,
  title={Sparsity and incoherence in compressive sampling},
  author={Candes, Emmanuel and Romberg, Justin},
  journal={Inverse problems},
  year={2007},
  eprint = {math/0611957},
  eprinttype = {arxiv},
}

---- Acceleration ----

@article{scieur2016,
  title = {Regularized Nonlinear Acceleration},
  author = {Scieur, Damien and dAspremont, Alexandre and Bach, Francis},
  journal = {arXiv},
  year = {2016},
  eprint = {1606.04133},
  eprinttype = {arxiv},
}
