@article{rothenhausler2021anchor,
  title={Anchor regression: Heterogeneous data meet causality},
  author={Rothenhäusler, Dominik and Meinshausen, Nicolai and Bühlmann, Peter and Peters, Jonas},
  journal={Journal of the Royal Statistical Society Series B: Statistical Methodology},
  volume={83},
  number={2},
  pages={215--246},
  year={2021},
  publisher={Oxford University Press}
}

@article{kook2022distributional,
  title={Distributional anchor regression},
  author={Kook, Lucas and Sick, Beate and B{\"u}hlmann, Peter},
  journal={Statistics and Computing},
  year={2022},
  publisher={Springer}
}