@misc{Chowdhary2023,
  title         = {Panoramic Voltage-Sensitive Optical Mapping of Contracting Hearts using Cooperative Multi-View Motion Tracking with 12 to 24 Cameras},
  author        = {Shrey Chowdhary and Jan Lebert and Shai Dickman and Jan Christoph},
  year          = {2023},
  eprint        = {2307.07943},
  archiveprefix = {arXiv},
  primaryclass  = {physics.med-ph},
  doi           = {10.48550/arXiv.2307.07943}
}

@article{Christoph2018,
  title   = {Electromechanical Vortex Filaments during Cardiac Fibrillation},
  author  = {Christoph, Jan and Chebbok, M. and Richter, C. and {Schr{\"o}der-Schetelig}, J. and Bittihn, P. and Stein, S. and Uzelac, I. and Fenton, F. H. and Hasenfu{\ss}, G. and Gilmour Jr., R. F. and Luther, S.},
  year    = {2018},
  journal = {Nature},
  volume  = {555},
  number  = {7698},
  pages   = {667--672},
  issn    = {0028-0836},
  doi     = {10.1038/nature26001}
}

@article{Christoph2018a,
  author    = {Jan Christoph and Stefan Luther},
  doi       = {10.3389/fphys.2018.01483},
  journal   = {Frontiers in Physiology},
  publisher = {Frontiers Media {SA}},
  title     = {Marker-Free Tracking for Motion Artifact Compensation and Deformation Measurements in Optical Mapping Videos of Contracting Hearts},
  volume    = {9},
  year      = {2018}
}

@article{Christoph2023,
  author = {Jan Christoph and Crystal M. Ripplinger},
  title = {Paralysis by analysis: Overcoming cardiac contraction with computer vision},
  journal = {Proceedings of the National Academy of Sciences},
  volume = {120},
  number = {42},
  pages = {e2314448120},
  year = {2023},
  doi = {10.1073/pnas.2314448120},
  URL = {https://www.pnas.org/doi/abs/10.1073/pnas.2314448120}
}

@article{Kappadan2020,
  doi       = {10.3389/fphys.2020.00464},
  year      = {2020},
  publisher = {Frontiers Media {SA}},
  volume    = {11},
  author    = {Vineesh Kappadan and Saba Telele and Ilija Uzelac and Flavio Fenton and Ulrich Parlitz and Stefan Luther and Jan Christoph},
  title     = {High-Resolution Optical Measurement of Cardiac Restitution,  Contraction,  and Fibrillation Dynamics in Beating vs. Blebbistatin-Uncoupled Isolated Rabbit Hearts},
  journal   = {Frontiers in Physiology}
}

@article{Kappadan2023,
author = {Kappadan, Vineesh and Sohi, Anies and Parlitz, Ulrich and Luther, Stefan and Uzelac, Ilija and Fenton, Flavio and Peters, Nicholas S and Christoph, Jan and Ng, Fu Siong},
title = {Optical mapping of contracting hearts},
journal = {The Journal of Physiology},
volume = {601},
number = {8},
pages = {1353-1370},
keywords = {action potential duration, motion artifacts, motion tracking, optical mapping, ratiometry, ventricular fibrillation},
doi = {https://doi.org/10.1113/JP283683},
url = {https://physoc.onlinelibrary.wiley.com/doi/abs/10.1113/JP283683},
year = {2023}
}

@article{Lebert2021,
  author  = {Lebert, Jan and Ravi, Namita and Fenton, Flavio H. and Christoph, Jan},
  title   = {Rotor Localization and Phase Mapping of Cardiac Excitation Waves Using Deep Neural Networks},
  journal = {Frontiers in Physiology},
  volume  = {12},
  year    = {2021},
  url     = {https://www.frontiersin.org/articles/10.3389/fphys.2021.782176},
  doi     = {10.3389/fphys.2021.782176},
  issn    = {1664-042X}
}

@article{Lebert2022,
  doi       = {10.3389/fcvm.2022.787627},
  year      = {2022},
  publisher = {Frontiers Media {SA}},
  volume    = {9},
  author    = {Jan Lebert and Namita Ravi and George Kensah and Jan Christoph},
  title     = {Real-Time Optical Mapping of Contracting Cardiac Tissues With {GPU}-Accelerated Numerical Motion Tracking},
  journal   = {Frontiers in Cardiovascular Medicine}
}

@misc{optimap_zenodo,
  doi       = {10.5281/ZENODO.8336455},
  url       = {https://zenodo.org/record/8336455},
  author    = {Lebert,  Jan and Christoph,  Jan},
  keywords  = {Fluorescence Imaging,  Cardiac Electrophysiology,  Optical Mapping,  Calcium Imaging,  Motion Tracking,  Cardiac Mechanics,  Strain Imaging},
  language  = {en},
  title     = {optimap: An open-source library for the processing of fluorescence video data},
  publisher = {Zenodo},
  year      = {2023},
  copyright = {MIT License}
}

@article{Swift2021,
author = {Swift, Luther M. and Kay, Matthew W. and Ripplinger, Crystal M. and Posnack, Nikki Gillum},
title = {Stop the beat to see the rhythm: excitation-contraction uncoupling in cardiac research},
journal = {American Journal of Physiology-Heart and Circulatory Physiology},
volume = {321},
number = {6},
pages = {H1005-H1013},
year = {2021},
doi = {10.1152/ajpheart.00477.2021},
note ={PMID: 34623183},
URL = {https://doi.org/10.1152/ajpheart.00477.2021},
eprint = {https://doi.org/10.1152/ajpheart.00477.2021}
}
