@article{haynes2018dopamine,
  title={The dopamine-driven social media feedback loop},
  author={Haynes, Trevor},
  journal={Harvard Medical School Blog},
  year={2018}
}

@article{kounios2014cognitive,
  title={The cognitive neuroscience of insight},
  author={Kounios, John and Beeman, Mark},
  journal={Annual Review of Psychology},
  volume={65},
  pages={71--93},
  year={2014},
  publisher={Annual Reviews}
}

@article{jung2004neural,
  title={Neural activity when people solve verbal problems with insight},
  author={Jung-Beeman, Mark and Bowden, Edward M and Haberman, Jason and Frymiare, Jennifer L and Arambel-Liu, Stella and Greenblatt, Richard and Reber, Paul J and Kounios, John},
  journal={PLoS Biology},
  volume={2},
  number={4},
  pages={e97},
  year={2004},
  publisher={Public Library of Science}
}

@article{beeman2003aha,
  title={Aha! Insight experience correlates with solution activation in the right hemisphere},
  author={Bowden, Edward M and Jung-Beeman, Mark},
  journal={Psychonomic Bulletin \& Review},
  volume={10},
  number={3},
  pages={730--737},
  year={2003},
  publisher={Springer}
}

@article{carhart2010default,
  title={The default-mode, ego-functions and free-energy: a neurobiological account of Freudian ideas},
  author={Carhart-Harris, Robin L and Friston, Karl J},
  journal={Brain},
  volume={133},
  number={4},
  pages={1265--1283},
  year={2010},
  publisher={Oxford University Press}
}

@article{beaty2016creative,
  title={Creative cognition and brain network dynamics},
  author={Beaty, Roger E and Benedek, Mathias and Silvia, Paul J and Schacter, Daniel L},
  journal={Trends in Cognitive Sciences},
  volume={20},
  number={2},
  pages={87--95},
  year={2016},
  publisher={Elsevier}
}

@article{hasselmo2006acetylcholine,
  title={The role of acetylcholine in learning and memory},
  author={Hasselmo, Michael E},
  journal={Current Opinion in Neurobiology},
  volume={16},
  number={6},
  pages={710--715},
  year={2006},
  publisher={Elsevier}
}

@article{thiele2018neuromodulation,
  title={Neuromodulation of attention},
  author={Thiele, Alexander and Bellgrove, Mark A},
  journal={Neuron},
  volume={97},
  number={4},
  pages={769--785},
  year={2018},
  publisher={Elsevier}
}