@article{FennellEtAl2016ItPossibleVisualise,
  title = {Is {{It Possible}} to {{Visualise Any Stock Flow Consistent Model}} as a {{Directed Acyclic Graph}}?},
  author = {Fennell, Peter and O'Sullivan, David and Godin, Antoine and Kinsella, Stephen},
  year = {2016},
  journal = {Computational economics},
  volume = {48},
  number = {2},
  pages = {307--316},
  issn = {0927-7099, 0927-7099},
}

@book{GodleyLavoie2006MonetaryEconomicsIntegrated,
  title = {Monetary {{Economics}}: {{An Integrated Approach}} to {{Credit}}, {{Money}}, {{Income}}, {{Production}} and {{Wealth}}},
  author = {Godley, W. and Lavoie, M.},
  year = {2006},
  publisher = {Springer},
  isbn = {978-0-230-62654-6},
}
