@software{motarwar2025zipstream,
  author       = {Pranav Nitin Motarwar},
  title        = {zipstream-ai: Stream and query zipped datasets using LLMs},
  year         = 2025,
  publisher    = {PyPI and GitHub},
  version      = {0.1.0},
  url          = {https://github.com/PranavMotarwar/zipstream-ai}
}
